@misc{formal-system-wiki,
  author = {Wikipedia},
  title = {Formal system},
  howpublished = "\url{https://en.wikipedia.org/wiki/Formal_system}",
  note = "[Online; accessed 29-January-2016]"
}

@misc{formal-system-britannica,
  author = {Encyclopedia Britannica},
  title = {Formal system},
  howpublished = "\url{http://www.britannica.com/topic/formal-system}",
  note = "[Online; accessed 29-January-2016]"
}

@misc{coq-official-website,
  author = {Inria},
  title = {Coq offical website},
  howpublished = "\url{https://coq.inria.fr}",
  note = "[Online; accessed 29-January-2016]"
}

@misc{proof-general-official-website,
  author = {University of Edinburgh},
  title = {Proof General offical website},
  howpublished = "\url{http://proofgeneral.inf.ed.ac.uk}",
  note = "[Online; accessed 18-May-2016]"
}

@misc{coqide-official-website,
  author = {Inria},
  title = {CoqIde offical website},
  howpublished = "\url{https://coq.inria.fr/cocorico/CoqIde}",
  note = "[Online; accessed 18-May-2016]"
}

@misc{thierry-coquand-homepage,
  author = {Thierry Coquand},
  title = {Thierry Coquand homepage},
  howpublished = "\url{http://www.cse.chalmers.se/~coquand}",
  note = "[Online; accessed 29-January-2016]"
}

@misc{agda-official-website,
  author = {Chalmers and Gothenburg University},
  title = {Agda offical website},
  howpublished = "\url{http://wiki.portal.chalmers.se/agda/pmwiki.php}",
  note = "[Online; accessed 29-January-2016]"
}

@phdthesis{norell:thesis,
  author  = {Ulf Norell},
  title   = {Towards a practical programming language based on dependent type
       theory},
  school  = {Department of Computer Science and Engineering, Chalmers University of Technology},
  year    = 2007,
  month   = {September},
  address = {SE-412 96 G\"{o}teborg, Sweden}
}

@book{Luo:1994:CRT:184757,
 author = {Luo, Zhaohui},
 title = {Computation and Reasoning: A Type Theory for Computer Science},
 year = {1994},
 isbn = {0-19-853835-9},
 publisher = {Oxford University Press, Inc.},
 address = {New York, NY, USA},
}

@misc{curry-howard-correspondence,
  author = {Wikipedia},
  title = {Curry Howard correspondence},
  howpublished = "\url{https://en.wikipedia.org/wiki/Curry-Howard_correspondence}",
  note = "[Online; accessed 29-January-2016]"
}

@misc{hott-coq-repo,
  title = {Homotopy Type Theory Repository},
  howpublished = "\url{https://github.com/HoTT/HoTT}",
  note = "[Online; accessed 18-May-2016]"
}

@misc{hott-agda-repo,
  title = {Homotopy Type Theory Repository --- Agda alternative},
  howpublished = "\url{https://github.com/HoTT/HoTT-Agda}",
  note = "[Online; accessed 18-May-2016]"
}

@misc{isabelle-official-website,
  author = {University of Cambridge and Technische Universit{\"a}t M{\"u}nchen},
  title = {Isabelle offical website},
  howpublished = "\url{http://isabelle.in.tum.de/index.html}",
  note = "[Online; accessed 15-May-2016]"
}

@misc{lean-official-website,
  author = {Microsoft Research and Carnegie Mellon University},
  title = {Lean offical website},
  howpublished = "\url{https://leanprover.github.io}",
  note = "[Online; accessed 29-January-2016]"
}

@misc{elm-official-website,
  author = {Evan Czaplicki et al},
  title = {Elm offical website},
  howpublished = "\url{http://www.elm-lang.org}",
  note = "[Online; accessed 3-February-2016]"
}
